@ARTICLE{preston96,    
    AUTHOR="Daryl W. Preston",
    TITLE="Doppler-Free Saturated Absorption",
    JOURNAL="New Problems",
    YEAR="1996",
}

@article{RiegerAndVolz,
  author          = {Thomas Rieger and Thomas Volz},
  title           = {Doppler-Free Saturation Spectroscopy},
  year="2002",
}



% There are certain necessary parts of a citation that must be present. You can visit the Wikibooks page for more information here: https://en.wikibooks.org/wiki/LaTeX/Bibliography_Management.

% Or for a less terse introduction: https://www.latex-tutorial.com/tutorials/bibtex/